
@misc{bigtwo,
  author = {BigTwo},
  title = {Página do Wikipédia sobre o Big Two.},
  howpublished = {\url{http://en.wikipedia.org/wiki/Big_Two}}
}